@misc{git:jtsnrl,
  author = {{dusty-nv}},
  title = "jetson-reinforcement",
  year = "2018",
  url = "https://github.com/dusty-nv/jetson-reinforcement",
  note = "[Online; accessed 12-July-2018]"
}

@misc{wiki:rl,
  author = {{Reinforcement learning}},
  title = "Reinforcement learning --- {W}ikipedia{,} The Free Encyclopedia",
  year = "2018",
  url = "https://en.wikipedia.org/wiki/Reinforcement_learning",
  note = "[Online; accessed 12-July-2018]"
}
@misc{wiki:drl,
  author = {{Deep Reinforcement learning}},
  title = "Deep Reinforcement learning --- {W}ikipedia{,} The Free Encyclopedia",
  year = "2018",
  url = "https://en.wikipedia.org/wiki/Deep_reinforcement_learning",
  note = "[Online; accessed 12-July-2018]"
}
@misc{wiki:ql,
  author = {{Q-learning}},
  title = "Q-learning --- {W}ikipedia{,} The Free Encyclopedia",
  year = "2018",
  url = "https://en.wikipedia.org/wiki/Q-learning",
  note = "[Online; accessed 12-July-2018]"
}
